<?xml version="1.0" encoding="UTF-8"?><collection xmlns="http://www.loc.gov/MARC21/slim"><record><leader>00510nam--2200193-i-4500</leader><controlfield tag="001">000014802</controlfield><controlfield tag="002">20161230</controlfield><controlfield tag="005">20161230201031</controlfield><controlfield tag="008">060222s1000------------r-----000-0-cze-d</controlfield><datafield ind1=" " ind2=" " tag="040"><subfield code="a">IFIN-HH</subfield></datafield><datafield ind1=" " ind2=" " tag="041"><subfield code="a">cze</subfield></datafield><datafield ind1=" " ind2=" " tag="080"><subfield code="a">537.226.4</subfield></datafield><datafield ind1="1" ind2=" " tag="100"><subfield code="a">Brezina, Bohuslav</subfield></datafield><datafield ind1="1" ind2="0" tag="245"><subfield code="a">Feroelektrika</subfield><subfield code="c">Bohuslav brezina; peter glogar</subfield></datafield><datafield ind1=" " ind2=" " tag="260"><subfield code="a">Praha, 198 P</subfield><subfield code="b">Academia Naksadatelstvi Ceskoslovenske</subfield><subfield code="c">1973</subfield></datafield><datafield ind1=" " ind2=" " tag="300"><subfield code="a">198P</subfield></datafield><datafield ind1="1" ind2=" " tag="700"><subfield code="a">Glogar, Peter</subfield></datafield><datafield ind1=" " ind2=" " tag="852"><subfield code="a">75404</subfield><subfield code="c">537.226</subfield></datafield><datafield ind1=" " ind2=" " tag="CAT"><subfield code="a">Sys</subfield><subfield code="c">20110707</subfield><subfield code="h">142203</subfield></datafield></record></collection>